@Article{FordVersypt:2014,
  AUTHOR = {Ford Versypt, A. N. and Braatz, R. D.},
  TITLE = {{Analysis of finite difference discretization schemes for diffusion in spheres with variable diffusivity}},
  YEAR = {2014},
  JOURNAL = {Comput Chem Eng},
  VOLUME = {71},
  PAGES = {241--252}
}

@Article{FordVersypt:2017,
  AUTHOR = {Ford Versypt, A. N. and Harrell, G. K. and McPeak, A. N.},
  TITLE = {{A pharmacokinetic/pharmacodynamic model of ACE inhibition of the renin-angiotensin system for normal and impaired renal function}},
  YEAR = {2017},
  JOURNAL = {Comput Chem Eng},
  VOLUME = {104},
  PAGES = {311--322}
}

@Article{Finley:2016,
  AUTHOR = {Rohrs, J. A. and Wang, P. and Finley, S. D.},
  TITLE = {{Predictive model of lymphocyte-specific protein tyrosine kinase (LCK) autoregulation}},
  YEAR = {2016},
  JOURNAL = {Cellular and Molecular Bioengineering},
  VOLUME = {9},
  number = {3},
  PAGES = {351--367}
}

@Article{Prlic:2012,
  AUTHOR = {Prlic, A. and Procter, J. B.},
  TITLE = {{Ten simple rules for the open development of scientific software}},
  YEAR = {2012},
  JOURNAL = {{PLOS} Comput Biol},
  VOLUME = {8},
  PAGES = {e1002802}
}

@Article{Peng:2011,
  AUTHOR = {Peng, R. D.},
  TITLE = {{Reproducible research in computational science}},
  YEAR = {2011},
  JOURNAL = {Science},
  VOLUME = {334},
  PAGES = {1226-1227}
}

@Article{Piccolo:2016,
  AUTHOR = {Piccolo, S. R. and Frampton, M. B.},
  TITLE = {{Tools and techniques for computational reproducibility}},
  YEAR = {2016},
  JOURNAL = {{GigaScience}},
  VOLUME = {5},
  PAGES = {30}
}

@Article{Yale:2010,
  AUTHOR = {Yale Law School Roundtable on Data and Code Sharing},
  TITLE = {{Reproducible research: Addressing the need for data and code sharing in computational science}},
  YEAR = {2010},
  JOURNAL = {Comput Sci Eng},
  VOLUME = {12},
  PAGES = {8-12}
}

@book{Frenkel:1996,
address = {New York},
author = {Frenkel, D. and Smit, B.},
edition = {1st},
publisher = {Academic Press},
title = {{Understanding Molecular Simulation: From Algorithms to Applications}},
year = {1996}
}

@book{Lent:2013,
address = {Hoboken, NJ},
author = {Lent, C. S.},
publisher = {Wiley},
title = {{Learning to Program with MATLAB: Building GUI Tools}},
year = {2013}
}

@book{Hartmann:2015,
address = {Hackensack, NJ},
author = {Hartmann, A. K.},
edition = {2nd},
publisher = {World Scientific},
title = {{Big Practical Guide to Computer Simulations}},
year = {2015}
}

@manual{SoftwareCarpentryTeX,
author = {{Software Carpentry Foundation}},
title = {{Modern Scientific Authoring: The Mess We're In}},
note = {\url{http://swcarpentry.github.io/modern-scientific-authoring/01-mess/}},
year = {2016 (accessed August 15, 2016)}
}

@Article{Osborne:2014,
  AUTHOR = {Osborne, J. M. and Bernabeu, M. O.  and Bruna, M. and Calderhead, B. and Cooper, J. and Dalchau, N. and Dunn, S.-J. and Fletcher, A. G. and Freeman, R. and Groen, D. and Knapp, B. and McInerny, G. J. and Mirams, G. R. and Pitt-Francis, J. and Sengupta, B. and Wright, D. W. and Yates, C. A. and Gavaghan, D. J. and Emmott, S. and Deane, C.},
  TITLE = {{Ten Simple Rules for Effective Computational Research}},
  YEAR = {2014},
  JOURNAL = {PLOS Computational Biology},
  VOLUME = {10},
  PAGES = {e1003506}
}

@Article{Wilson:2014,
  AUTHOR = {Wilson, G. and Aruliah, D. A. and Brown, C. T. and Hong, N. P. C. and Davis, M. and Guy, R. T. and Haddock, S. H. D. and Huff, K. D. and Mitchell, I. M. and Plumbley, M. D. and Waugh, B. and White, E. P. and Wilson, P.},
  TITLE = {{Best Practices for Scientific Computing}},
  YEAR = {2014},
  JOURNAL = {PLOS Biology},
  VOLUME = {12},
  PAGES = {e1001745}
}

@book{Moler:2004,
address = {Philadelphia},
author = {Moler, C. B.},
publisher = {Society for Industrial and Applied Mathematics},
title = {{Numerical Computing with MATLAB}},
year = {2004}
}

@book{Higham:2005,
address = {Philadelphia},
author = {Higham, D. J. and Higham, N. J.},
edition = {2nd},
publisher = {Society for Industrial and Applied Mathematics},
title = {{MATLAB Guide}},
year = {2005}
}

@book{Kiusalaas:2005,
address = {New York},
author = {Kiusalaas, J.},
publisher = {Cambridge University Press},
title = {{Numerical Methods in Engineering with Python}},
year = {2005}
}

@book{Siauw:2015,
address = {New York},
author = {Siauw, T. and Bayen, A. M.},
publisher = {Academic Press},
title = {{An Introduction to MATLAB Programming and Numerical Methods for Engineers}},
year = {2015}
}

@book{Finlayson:2014,
address = {Hoboken, NJ},
author = {Finlayson, B. A.},
edition = {2nd},
publisher = {Wiley},
title = {{Introduction to Chemical Engineering Computing}},
year = {2014}
}

@book{Dunn:2006,
address = {New York},
author = {Dunn, S. M. and Constantinides, A. and Moghe, P. V.},
publisher = {Academic Press},
title = {{Numerical Methods in Biomedical Engineering}},
year = {2006}
}

@book{Gdeisat:2013,
address = {Boston},
author = {Gdeisat, M. and Lilley, F.},
publisher = {Elsevier},
title = {{MATLAB by Example}},
year = {2013}
}

@book{Kinder:2015,
address = {Princeton, NJ},
author = {Kinder, J. M. and Nelson, P.},
publisher = {Princeton University Press},
title = {{A Student's Guide to Python for Physical Modeling}},
year = {2015}
}

@book{Walters:2014,
address = {New York},
author = {Walters, G.},
publisher = {Springer},
title = {{The Python Quick Syntax Reference}},
year = {2014}
}

@book{Hall:2009,
address = {New York},
author = {Hall, T. and Stacey, J-P},
publisher = {Springer},
title = {{Python 3 for Absolute Beginners}},
year = {2009}
}

@book{Cobelli:2008,
address = {New York},
author = {Cobelli, C. and Carson, E.},
publisher = {Academic Press},
title = {{Introduction to Modeling in Physiology and Medicine}},
year = {2008}
}

@book{Distefano:2014,
address = {New York},
author = {{DiStefano III, J.}},
publisher = {Academic Press},
title = {{Dynamic Systems Biology Modeling and Simulation}},
year = {2014}
}


@Article{Fangohr:2004,
  AUTHOR = {Fangohr, H.},
  TITLE = {{A comparison of C, MATLAB and Python as teaching languages in engineering}},
  YEAR = {2004},
  JOURNAL = {Lecture Notes on Computational Science},
  VOLUME = {3039},
  PAGES = {1210--1217}
}

@Article{Ekmekci:2016,
  AUTHOR = {Ekmekci, B. and {McAnany}, C. E. and Mura, C.},
  TITLE = {{An introduction to programming for bioscientists: A Python-based primer}},
  YEAR = {2016},
  JOURNAL = {PLOS Computational Biology},
  VOLUME = {12},
  PAGES = {e1004867}
}

@manual{Fangohr:2015,
author = {Fangohr, H.},
title = {{Introduction to Python for Computational Science and Engineering: A beginner's guide}},
note = {\url{http://www.southampton.ac.uk/~fangohr/training/python/pdfs/Python-for-Computational-Science-and-Engineering.pdf}},
year = {2015 (accessed August 22, 2016)}
}

@manual{whatisnumpy,
author = {{SciPy.org}},
title = {{What is NumPy?\textemdash NumPy v1.11 Manual}},
note = {\url{http://docs.scipy.org/doc/numpy/user/whatisnumpy.html}},
year = {2016 (accessed September 15, 2016)}
}

@manual{numpyquick,
author = {{SciPy.org}},
title = {{Quickstart tutorial\textemdash NumPy v1.11 Manual}},
note = {\url{http://docs.scipy.org/doc/numpy/user/quickstart.html}},
year = {2016 (accessed September 15, 2016)}
}

@manual{numpymatlab,
author = {{SciPy.org}},
title = {{Numpy for Matlab users\textemdash NumPy v1.11 Manual}},
note = {\url{http://docs.scipy.org/doc/numpy-dev/user/numpy-for-matlab-users.html}},
year = {2016 (accessed September 15, 2016)}
}

@manual{scipy,
author = {{SciPy.org}},
title = {{Introduction\textemdash SciPy v0.18.0 Reference Guide}},
note = {\url{http://docs.scipy.org/doc/scipy/reference/tutorial/general.html}},
year = {2016 (accessed September 15, 2016)}
}

@manual{scipyintegrate,
author = {{SciPy.org}},
title = {{Integration (scipy.integrate)\textemdash SciPy v0.18.0 Reference Guide}},
note = {\url{http://docs.scipy.org/doc/scipy/reference/tutorial/integrate.html}},
year = {2016 (accessed September 15, 2016)}
}

@manual{scipyoptimize,
author = {{SciPy.org}},
title = {{Optimization (scipy.optimize)\textemdash SciPy v0.18.0 Reference Guide}},
note = {\url{http://docs.scipy.org/doc/scipy/reference/tutorial/optimize.html}},
year = {2016 (accessed September 15, 2016)}
}

@incollection{Hildebrandt:2010,
address = {New York},
author = {Hildebrandt, S and Bagheri, N and Gunawan, R and Mirsky, H and Shoemaker, J and Taylor, S and Petzold, L and Doyle III, F. D.},
booktitle = {Systems Biomedicine: Concepts and Perspectives},
editor = {Liu, E. T. and Lauffenburger, D. A.},
pages = {249--272},
publisher = {Academic Press},
title = {{Chapter 10\textendash Systems Analysis for Systems Biology}},
year = {2010}
}

@book{Gordon:2017,
address = {Boca Raton, FL},
author = {Gordon, S. I. and Guilfoos, B.},
title = {{Introduction to Modeling and Simulation with
MATLAB and Python}},
publisher = {CRC Press},
year = {2017}
}

@manual{Kirschnerweb,
author = {{Kirschner, D.}},
title = {{Uncertainty and Sensitivity Analysis}},
note = {\url{http://malthus.micro.med.umich.edu/lab/usadata/}},
year = {2018 (accessed October 3, 2016)}
}

@manual{Huang:2012,
author = {{Huang, Q.}},
title = {{Sensitivity Analysis in Biological Modelling}},
note = {\url{http://www.math.ualberta.ca/~hwang/sensitivity}},
year = {2012 (accessed October 3, 2016)}
}

@Article{Hamby:1994,
  AUTHOR = {Hamby, D. M.},
  TITLE = {{Review of techniques for parameter sensitivity analysis of environmental models}},
  YEAR = {1994},
  JOURNAL = {Environmental Monitoring and Assessment},
  VOLUME = {32},
  PAGES = {135--154}
}
@Article{Haaker:2004,
  AUTHOR = {Haaker, M. P. R. and Verheijen, P. J. T.},
  TITLE = {{Local and global sensitivity analysis for a reactor design with parameter uncertainty}},
  YEAR = {2004},
  JOURNAL = {Transactions of IChemE},
  VOLUME = {82},
  PAGES = {591--598}
}
@Article{Marino:2008,
  AUTHOR = {Marino, S. and Hogue, I. B. and Ray, C. J. and Kirschner, D. E.},
  TITLE = {{A methodology for performing global uncertainty and sensitivity analysis in systems biology}},
  YEAR = {2008},
  JOURNAL = {Journal of Theoretical Biology},
  VOLUME = {254},
  PAGES = {178--196}
}

@manual{Ashworth:2003,
author = {Ashworth, M. and Allan, R. and Mller, C. and {van Dam}, H. and Smith, W. and Hanlon, D. and Searly, B. and Sunderland, A.},
title = {{Graphical user environments for scientific
computing}},
note = {\url{http://citeseerx.ist.psu.edu/viewdoc/download?doi=10.1.1.126.9252&rep=rep1&type=pdf}},
year = {2003 (accessed October 16, 2016)}
}

@manual{OOPcrashcourse,
author = {PythonProgramming},
title = {{Object Oriented Programming Crash Course with Tkinter: Learning OOP with Python 3}},
note = {\url{https://pythonprogramming.net/object-oriented-programming-crash-course-tkinter/}},
year = {2014 (accessed October 16, 2016)}
}

@manual{TutorialsPoint,
author = {{Tutorials Point}},
title = {{PyQt: Python Binding}},
note = {\url{https://www.tutorialspoint.com/pyqt/pyqt_tutorial.pdf}},
year = {2015 (accessed October 16, 2016)}
}

@manual{GUIDE,
author = {{MathWorks}},
title = {{App Building}},
note = {\url{https://www.mathworks.com/help/matlab/gui-development.html}},
year = {2016 (accessed October 16, 2016)}
}

@manual{Markdown,
author = {{GitHub}},
title = {{Basic writing and formatting syntax - User Documentation}},
note = {\url{https://help.github.com/articles/basicwritingandformattingsyntax/}},
year = {2016 (accessed November 12, 2016)}
}

@incollection{Hemez:2008,
address = {Berlin},
author = {Hemez, F. M. and Kamm, J. R.},
booktitle = {Computational Methods in Transport: Verification and Validation},
editor = {Graziani, F.},
pages = {229--250},
publisher = {Springer-Verlag},
title = {{A brief overview of the state-of-the-practice and current challenges in solution verification}},
year = {2008}
}

@book{Roache:1998,
address = {Albuquerque, New Mexico},
author = {Roache, P J},
publisher = {Hermosa Publishers},
title = {{Verification and Validation in Computational Science and Engineering}},
year = {1998}
}
@article{Roache1997,
author = {Roache, P. J.},
doi = {10.1146/annurev.fluid.29.1.123},
file = {:C$\backslash$:/Users/Ashlee/Documents/Mendeley Desktop/roache-quant of uncertainty in CFD-annu rev fluid mech.pdf:pdf},
issn = {0066-4189},
journal = {Annual Review of Fluid Mechanics},
keywords = {computational,error estimation,numerical uncertainty,validation,verification},
month = jan,
number = {1},
pages = {123--160},
title = {{Quantification of Uncertainty in Computational Fluid Dynamics}},
url = {http://www.annualreviews.org/doi/abs/10.1146/annurev.fluid.29.1.123},
volume = {29},
year = {1997}
}
@article{Roache1998,
author = {Roache, P. J.},
journal = {AIAA Journal},
number = {5},
pages = {696--702},
title = {{Verification of codes and calculations}},
volume = {36},
year = {1998}
}
@article{Roache2009,
author = {Roache, P. J.},
doi = {10.1115/1.3077134},
file = {:C$\backslash$:/Users/Ashlee/Documents/Mendeley Desktop/roache-perspective validation what does it mean-jfluids engr.pdf:pdf},
issn = {00982202},
journal = {Journal of Fluids Engineering},
keywords = {calibration,validation},
number = {3},
pages = {034503},
title = {{Perspective: Validation—What Does It Mean?}},
url = {http://link.aip.org/link/JFEGA4/v131/i3/p034503/s1\&Agg=doi},
volume = {131},
year = {2009}
}
@phdthesis{FordVersypt:2012,
  AUTHOR = {Ford Versypt, A. N.},
  address = {Urbana, IL},
  edition = {{Ph.D. Dissertation}},
  TITLE = {{Modeling of Controlled-Release Drug Delivery from Autocatalytically Degrading Polymer Microspheres}},
  publisher = {University of Illinois at Urbana-Champaign},
  YEAR = {2012}
}

@manual{uiucthesis,
author = {{Kiyanda, C.}},
title = {{The uiucthesis2009 class}}
}

@manual{mathtex,
author = {{Downes, M.}},
title = {{Short Math Guide for \LaTeX{}}}
}

@article{Rother:2011,
author = {Rother, K. and Potrzebowski, W. and Puton, T. and Rother, M. and Wywial, E. and Bujnicki, J. M.},
journal = {Briefings in Bioinformatics},
number = {2},
pages = {244--257},
title = {{A toolbox for developing bioinformatics software}},
volume = {13},
year = {2011}
}

@article{Carver:2013,
author = {Carver, J. and Thiruvathukal, G. K.},
journal = {Workshop on Sustainable Software for Science: Practice and Experiences, SuperComputing Conference},
note = {Available on figshare \url{http://dx.doi.org/10.6084/m9.figshare.830442}},
title = {{Software engineering need not be difficult}},
year = {2013}
}

@article{Stodden:2014,
author = {Stodden, V. and Miguez, S.},
title = {{Best practices for computational science: software infrastructure and environments for reproducible and extensible research}},
journal = {J Open Res Software},
volume = {2},
pages = {e21},
year = {2014}
}

@article{Bangerth:2013,
author = {Bangerth, W. and Heister, T.},
title = {{What makes computational open source software libraries successful?}},
journal = {Comp Sci Discovery},
volume = {6},
pages = {015010},
year = {2013}
}

@article{Barba:2018,
author = {Barba, L. A.},
title = {Terminologies for reproducible research},
journal = {arXiv},
volume = {1802.03311},
year = {2018}
}

@manual{exportfig,
author = {{O. Woodford}},
title = {{export\_fig: A MATLAB toolbox for exporting publication quality figures}},
note = {\url{https://github.com/altmany/export\_fig}},
year = {2013 (accessed November 12, 2016)}
}

@manual{mpltex,
author = {{Liu, Y.}},
title = {{mpltex: A tool for creating publication quality
plots}},
note = {\url{http://ngpy.org/2014/09/mpltex/}},
year = {2014 (accessed November 12, 2016)}
}
